<?xml version="1.0" encoding="UTF-8"?><collection xmlns="http://www.loc.gov/MARC21/slim"><record><leader>00619nam--2200181-i-4500</leader><controlfield tag="001">000006205</controlfield><controlfield tag="002">20161230</controlfield><controlfield tag="005">20161230201026</controlfield><controlfield tag="008">060222s1000------------r-----000-0-eng-d</controlfield><datafield ind1=" " ind2=" " tag="040"><subfield code="a">IFIN-HH</subfield></datafield><datafield ind1=" " ind2=" " tag="080"><subfield code="a">539.12.4:547</subfield></datafield><datafield ind1="1" ind2=" " tag="100"><subfield code="a">Bolt, Robert O</subfield></datafield><datafield ind1="1" ind2="0" tag="245"><subfield code="a">Radiation effects on organic materials</subfield><subfield code="b">Prepared under the auspices of the division of technical information united states atoic energy commission</subfield><subfield code="c">Robert o. bolt, james g. carroll (eds.)</subfield></datafield><datafield ind1=" " ind2=" " tag="260"><subfield code="a">New York</subfield><subfield code="b">Academic Press</subfield><subfield code="c">1963</subfield></datafield><datafield ind1=" " ind2=" " tag="300"><subfield code="a">XV + 576 P</subfield></datafield><datafield ind1="1" ind2=" " tag="700"><subfield code="a">Carroll, James G</subfield><subfield code="e">Ed</subfield></datafield><datafield ind1=" " ind2=" " tag="852"><subfield code="a">18455</subfield><subfield code="c">539.12.04</subfield></datafield><datafield ind1=" " ind2=" " tag="CAT"><subfield code="a">Sys</subfield><subfield code="c">20120203</subfield><subfield code="h">133743</subfield></datafield></record></collection>